%%%%%%%%%%%%%%%%%%%%%%%%%%%%%%%%%%%%%%%%%%%%%%%%%%%%%%%%%%%%%%%%%%%%%%%%%%%%%%%%%%%%%%%%%%%%%%%%%%%%
%      Optimal design                                                                              %
%%%%%%%%%%%%%%%%%%%%%%%%%%%%%%%%%%%%%%%%%%%%%%%%%%%%%%%%%%%%%%%%%%%%%%%%%%%%%%%%%%%%%%%%%%%%%%%%%%%%


@Article{AP-2002,
  Title                    = {Designing robust optimal dynamical experiments},
  Author                   = {S.P. Asprey and S. Macchietto},
  Journal                  = {Journal of Process Control},
  Year                     = {2002},
  Volume                   = {12},
  Number                   = {},
  Pages                    = {545--556}
}

@Article{BHK-2011,
  Title                    = {Comparison of optimal design methods in inverse problems},
  Author                   = {H.T. Banks and K. Holm and F. Kappel},
  Journal                  = {Inverse Problems},
  Year                     = {2011},
  Volume                   = {27},
  Number                   = {},
  Pages                    = {165 - 178},
  doi                      = {10.1088/0266-561/27/7/075002}
}

@Article{CBR-2013,
  Title                    = {Model-based design of experiments for cellular processes},
  Author                   = {Ankush Chakrabarty and Gregery T. Buzzard and Ann E. Rundell},
  Journal                  = {WIREs Systems Biology and Medicine},
  Year                     = {2013},
  Volume                   = {5},
  Number                   = {},
  Pages                    = {181--203}
}

@Article{CH-2008,
  Title                    = {Integrating parameter selection with experimental design under uncertainty for nonlinear dynamic systems},
  Author                   = {Yunfei Chu and Juergen Hahm},
  Journal                  = {AIChE Journal},
  Year                     = {2008},
  Volume                   = {54},
  Number                   = {9},
  Pages                    = {2310--2320}
}

@Article{CBCL-2009,
  Title                    = {A sensitivity matrix based methodology for inverse problem formulation},
  Author                   = {A. Cintr\'on-Arias and H.T. Banks and A. Capaldi and A.L. Lloyd},
  Journal                  = {Journal of Inverse and Ill-Posed Problems},
  Year                     = {2009},
  Volume                   = {17},
  Number                   = {},
  Pages                    = {545--564}
}

@Article{CBCL-2009,
  Title                    = {Model-based design of experiments for parameter precision: State of the art},
  Author                   = {Gaia Franceschini and Sandro Macchietto},
  Journal                  = {Chemical Engineering Sciences},
  Year                     = {2008},
  Volume                   = {63},
  Number                   = {},
  Pages                    = {4846--4972}
}

@Article{Federov-2010,
  Title                    = {Optimal experimental design},
  Author                   = {Valerii Federov},
  Journal                  = {WIREs Computational Statistics},
  Year                     = {2010},
  Volume                   = {2},
  Number                   = {},
  Pages                    = {581--589}
}

@Article{Pronzato-2008,
  Title                    = {Optimal experimental design and some related control problems},
  Author                   = {Luc Pronzato},
  Journal                  = {Automatica},
  Year                     = {2008},
  Volume                   = {44},
  Number                   = {},
  Pages                    = {303--325}
}

@Article{RWGF-2007,
  Title                    = {Robust optimal experiment design for system identification},
  Author                   = {Christian R. Rojas and James S. Welsh and Graham C. Goodwin and Arie Feuer},
  Journal                  = {Automatica},
  Year                     = {2007},
  Volume                   = {43},
  Number                   = {},
  Pages                    = {993-1008}
}


%%%%%%%%%%%%%%%%%%%%%%%%%%%%%%%%%%%%%%%%%%%%%%%%%%%%%%%%%%%%%%%%%%%%%%%%%%%%%%%%%%%%%%%%%%%%%%%%%%%%
%      Active subspaces                                                                            %
%%%%%%%%%%%%%%%%%%%%%%%%%%%%%%%%%%%%%%%%%%%%%%%%%%%%%%%%%%%%%%%%%%%%%%%%%%%%%%%%%%%%%%%%%%%%%%%%%%%%

@Article{BG-1973,
  Title                    = {Numerical methods for computing angles between linear subspaces},
  Author                   = {Ake Bj\"orck and Gene H. Golub},
  Journal                  = {Mathematics of Computation},
  Year                     = {1973},
  Volume                   = {27},
  Number                   = {123},
  Pages                    = {579--594}
}

@Article{Shonkwiler,
  Title                    = {Principal angles in terms of inner products},
  Author                   = {Clay Shonkwiler},
  Journal                  = {},
  Year                     = {},
  Volume                   = {},
  Number                   = {},
  Pages                    = {}
}

%%%%%%%%%%%%%%%%%%%%%%%%%%%%%%%%%%%%%%%%%%%%%%%%%%%%%%%%%%%%%%%%%%%%%%%%%%%%%%%%%%%%%%%%%%%%%%%%%%%%
%      Adjoint sensitivites                                                                        %
%%%%%%%%%%%%%%%%%%%%%%%%%%%%%%%%%%%%%%%%%%%%%%%%%%%%%%%%%%%%%%%%%%%%%%%%%%%%%%%%%%%%%%%%%%%%%%%%%%%%

@Article{EN-2006,
  Title                    = {Fast and reliable methods for determining the evolution of uncertain
                              parameters in differential equations},
  Author                   = {D. Estep and D. Neckels},
  Journal                  = {Jornal of Computational Physics},
  Year                     = {2006},
  Volume                   = {213},
  Number                   = {},
  Pages                    = {530--556}
}

@Article{PLCS-2006,
  Title                    = {Sensitivity analysis of differential-algebraic and partial differential equations},
  Author                   = {Linda Petzold and Shengtai Li and Yang Cao and Radu Serban},
  Journal                  = {Computers and CHemical Engineering},
  Year                     = {2006},
  Volume                   = {30},
  Number                   = {},
  Pages                    = {1553--1559}
}

@Article{MW-2014,
  Title                    = {Automatic simplification of systems of reaction-diffusion equations by
                              {\it a posteriori} analysis},
  Author                   = {Philip J. Maybank and Jonathan P. Whiteley},
  Journal                  = {Mathematical Biosciences},
  Year                     = {2014},
  Volume                   = {248},
  Number                   = {},
  Pages                    = {146--157}
}
